<record><leader>02417cam a2200553 i 4500</leader><controlfield tag="001">6735478</controlfield><controlfield tag="003">OCoLC</controlfield><controlfield tag="005">20160226080717.1</controlfield><controlfield tag="006">m     o  d        </controlfield><controlfield tag="007">cr cnu|||unuuu</controlfield><controlfield tag="008">141028t20152015nyua    ob    001 0 eng d</controlfield><datafield ind1=" " ind2=" " tag="020"><subfield code="a">9781493915941</subfield><subfield code="q">electronic bk.</subfield></datafield><datafield ind1=" " ind2=" " tag="020"><subfield code="a">1493915940</subfield><subfield code="q">electronic bk.</subfield></datafield><datafield ind1=" " ind2=" " tag="020"><subfield code="z">9781493915934</subfield></datafield><datafield ind1="7" ind2=" " tag="024"><subfield code="a">10.1007/978-1-4939-1594-1</subfield><subfield code="2">doi</subfield></datafield><datafield ind1=" " ind2=" " tag="035"><subfield code="a">ocn893903381</subfield></datafield><datafield ind1=" " ind2=" " tag="039"><subfield code="a">exclude</subfield></datafield><datafield ind1=" " ind2=" " tag="040"><subfield code="a">GW5XE</subfield><subfield code="b">eng</subfield><subfield code="e">rda</subfield><subfield code="e">pn</subfield><subfield code="c">GW5XE</subfield><subfield code="d">FTU</subfield><subfield code="d">OCLCO</subfield><subfield code="d">UWO</subfield><subfield code="d">OCLCF</subfield><subfield code="d">OCL</subfield><subfield code="d">AEU</subfield></datafield><datafield ind1=" " ind2="4" tag="050"><subfield code="a">QH442.2</subfield></datafield><datafield ind1=" " ind2="7" tag="072"><subfield code="a">PSF</subfield><subfield code="2">bicssc</subfield></datafield><datafield ind1=" " ind2="7" tag="072"><subfield code="a">SCI049000</subfield><subfield code="2">bisacsh</subfield></datafield><datafield ind1="0" ind2="4" tag="082"><subfield code="a">660.6/5</subfield><subfield code="2">23</subfield></datafield><datafield ind1=" " ind2=" " tag="090"><subfield code="a">Internet Access</subfield><subfield code="b">AEU</subfield></datafield><datafield ind1=" " ind2=" " tag="090"><subfield code="a">Internet Access</subfield><subfield code="b">AEU</subfield></datafield><datafield ind1="0" ind2="0" tag="245"><subfield code="a">Nuclear reprogramming :</subfield><subfield code="b">methods and protocols /</subfield><subfield code="c">edited by Nathalie Beaujean, H&#233;l&#232;ne Jammes, Alice Jouneau.</subfield></datafield><datafield ind1=" " ind2=" " tag="250"><subfield code="a">Second edition.</subfield></datafield><datafield ind1=" " ind2="1" tag="264"><subfield code="a">New York, NY :</subfield><subfield code="b">Humana Press,</subfield><subfield code="c">[2015]</subfield></datafield><datafield ind1=" " ind2="4" tag="264"><subfield code="c">&#169;2015</subfield></datafield><datafield ind1=" " ind2=" " tag="300"><subfield code="a">1 online resource (xi, 285 pages) :</subfield><subfield code="b">illustrations (some color).</subfield></datafield><datafield ind1=" " ind2=" " tag="336"><subfield code="a">text</subfield><subfield code="b">txt</subfield><subfield code="2">rdacontent</subfield></datafield><datafield ind1=" " ind2=" " tag="337"><subfield code="a">computer</subfield><subfield code="b">c</subfield><subfield code="2">rdamedia</subfield></datafield><datafield ind1=" " ind2=" " tag="338"><subfield code="a">online resource</subfield><subfield code="2">rdacarrier</subfield></datafield><datafield ind1="1" ind2=" " tag="490"><subfield code="a">Methods in Molecular Biology, Methods and Protocols,</subfield><subfield code="x">1940-6029 ;</subfield><subfield code="v">1222</subfield></datafield><datafield ind1=" " ind2=" " tag="504"><subfield code="a">Includes bibliographic references and index.</subfield></datafield><datafield ind1=" " ind2=" " tag="506"><subfield code="a">Access restricted to authorized users and institutions.</subfield></datafield><datafield ind1="0" ind2=" " tag="588"><subfield code="a">Online resource; title from PDF title page (SpringerLink, viewed October 13, 2014).</subfield></datafield><datafield ind1=" " ind2=" " tag="596"><subfield code="a">44</subfield></datafield><datafield ind1=" " ind2="0" tag="650"><subfield code="a">Cell nuclei</subfield><subfield code="x">Transplantation</subfield><subfield code="v">Laboratory manuals.</subfield></datafield><datafield ind1=" " ind2="7" tag="650"><subfield code="a">Cell nuclei</subfield><subfield code="x">Transplantation.</subfield><subfield code="2">fast</subfield><subfield code="0">(OCoLC)fst00850211</subfield></datafield><datafield ind1=" " ind2="7" tag="655"><subfield code="a">Laboratory manuals.</subfield><subfield code="2">fast</subfield><subfield code="0">(OCoLC)fst01920776</subfield></datafield><datafield ind1="1" ind2=" " tag="700"><subfield code="a">Beaujean, Nathalie,</subfield><subfield code="e">editor.</subfield></datafield><datafield ind1="1" ind2=" " tag="700"><subfield code="a">Jammes, H&#233;l&#232;ne,</subfield><subfield code="e">editor.</subfield></datafield><datafield ind1="1" ind2=" " tag="700"><subfield code="a">Jouneau, Alice,</subfield><subfield code="e">editor.</subfield></datafield><datafield ind1=" " ind2="0" tag="830"><subfield code="a">Methods in molecular biology (Clifton, N.J.) ;</subfield><subfield code="v">v. 1222.</subfield><subfield code="x">1064-3745</subfield></datafield><datafield ind1="4" ind2="0" tag="856"><subfield code="3">University of Alberta Access</subfield><subfield code="u">http://link.springer.com/10.1007/978-1-4939-1594-1</subfield><subfield code="z">(Unlimited Concurrent Users)</subfield><subfield code="z">from Springer</subfield></datafield><datafield ind1="4" ind2="0" tag="856"><subfield code="3">University of Alberta Access</subfield><subfield code="u">http://dx.doi.org/10.1007/978-1-4939-1594-1</subfield><subfield code="z">(Unlimited Concurrent Users)</subfield></datafield><datafield ind1=" " ind2=" " tag="949"><subfield code="h">UAIN</subfield><subfield code="z">SPRINGER</subfield></datafield><datafield ind1=" " ind2=" " tag="926"><subfield code="a">Internet Access</subfield><subfield code="w">LC</subfield><subfield code="c">1</subfield><subfield code="i">6735478-1001</subfield><subfield code="l">INTERNET</subfield><subfield code="m">UAINTERNET</subfield><subfield code="r">Y</subfield><subfield code="s">Y</subfield><subfield code="t">E-RESOURCE</subfield><subfield code="u">11/14/2014</subfield><subfield code="x">E-BOOK</subfield><subfield code="z">SPRINGPRO</subfield></datafield><datafield ind1=" " ind2=" " tag="926"><subfield code="a">Internet Access</subfield><subfield code="w">LC</subfield><subfield code="c">2</subfield><subfield code="i">6735478-1002</subfield><subfield code="l">INTERNET</subfield><subfield code="m">UAINTERNET</subfield><subfield code="r">Y</subfield><subfield code="s">Y</subfield><subfield code="t">E-RESOURCE</subfield><subfield code="u">3/7/2016</subfield><subfield code="x">E-BOOK</subfield><subfield code="z">SPRINGER</subfield></datafield></record>